%%%%%%%%%%%%%%%%%%%%%%%%%%%%%%%%%%%%%%%%%%%%%%%%%%%%%%%%%%%%%%%%%%%%%%%%%%%%%%%%%%%%%%%
% Definitions
%%%%%%%%%%%%%%%%%%%%%%%%%%%%%%%%%%%%%%%%%%%%%%%%%%%%%%%%%%%%%%%%%%%%%%%%%%%%%%%%%%%%%%%

@string{ftcs85 = "Proceedings of the 15th IEEE Symposium on Fault Tolerant
                  Computing Systems (FTCS-15)"}

@string{ftcs93 = "Proceedings of the 23rd IEEE Symposium on Fault Tolerant
                  Computing Systems (FTCS-23)"}

@string{ftcs96 = "Proceedings of the 26th IEEE Symposium on Fault Tolerant
                  Computing Systems (FTCS-26)"}

@string{ftcs97 = "Proceedings of the 27th IEEE Symposium on Fault Tolerant
                  Computing Systems (FTCS-27)"}

@string{ftcs98 = "Proceedings of the 28th IEEE Symposium on Fault Tolerant
                  Computing Systems (FTCS-28)"}

@string{ftcs98-fastabs = "Digest of FastAbstracts of the 28th IEEE
                  Symposium on Fault Tolerant Computing Systems
                  (FTCS-28)"}

@string{wdag89 = "Proceedings of the
         3rd International Workshop on Distributed Algorithms (WDAG'89)"}

@string{wdag90 = "Proceedings of the
         4th International Workshop on Distributed Algorithms (WDAG'90)"}

@string{wdag91 = "Proceedings of the
         5th International Workshop on Distributed Algorithms (WDAG'91)"}

@string{wdag92 = "Proceedings of the
         6th International Workshop on Distributed Algorithms (WDAG'92)"}

@string{wdag93 = "Proceedings of the
         7th International Workshop on Distributed Algorithms (WDAG'93)"}

@string{wdag94 = "Proceedings of the
         8th International Workshop on Distributed Algorithms (WDAG'94)"}

@string{wdag95 = "Proceedings of the
         9th International Workshop on Distributed Algorithms (WDAG'95)"}

@string{wdag96 = "Proceedings of the
         10th International Workshop on Distributed Algorithms (WDAG'96)"}

@string{wdag97 = "Proceedings of the
         11th International Workshop on Distributed Algorithms (WDAG'97)"}

@string{disc98 = "Proceedings of the
         12th International Symposium on Distributed Computing (DISC'98)"}

@string{disc99 = "Proceedings of the
          13th International Symposium on Distributed Computing (DISC'99)"}

@string{disc00 = "Proceedings of the
         14th International Symposium on Distributed Computing (DISC'00)"}

@string{disc01 = "Proceedings of the
         International Symposium on Distributed Computing (DISC'01)"}

@string{disc02 = "Proceedings of the
         16th International Symposium on Distributed Computing (DISC'02)"}

@string{disc03 = "Proceedings of the
         17th International Symposium on Distributed Computing (DISC'03)"}

@string{disc04 = "Proceedings of the
         18th International Symposium on Distributed Computing (DISC'04)"}

@string{disc05 = "Proceedings of the
         19th International Symposium on Distributed Computing (DISC'05)"}

@string{disc06 = "Proceedings of the
         20th International Symposium on Distributed Computing (DISC'06)"}


@string{podc83 = "Proceedings of the 2nd
         Annual ACM Symposium on Principles of Distributed
         Computing (PODC)"}

@string{podc84 = "Proceedings of the 3rd
         Annual ACM Symposium on Principles of Distributed
         Computing (PODC)"}

@string{podc85 = "Proceedings of the 4th
         Annual ACM Symposium on Principles of Distributed
         Computing (PODC)"}

@string{podc86 = "Proceedings of the 5th
         Annual ACM Symposium on Principles of Distributed
         Computing (PODC)"}

@string{podc87 = "Proceedings of the 6th
         Annual ACM Symposium on Principles of Distributed
         Computing (PODC)"}

@string{podc88 = "Proceedings of the 7th
         Annual ACM Symposium on Principles of Distributed
         Computing (PODC)"}

@string{podc89 = "Proceedings of the 8th
         Annual ACM Symposium on Principles of Distributed
         Computing (PODC)"}

@string{podc90 = "Proceedings of the 9th
         Annual ACM Symposium on Principles of Distributed
         Computing (PODC)"}

@string{podc91 = "Proceedings of the 10th
         Annual ACM Symposium on Principles of Distributed
         Computing (PODC)"}

@string{podc92 = "Proceedings of the 11th
         Annual ACM Symposium on Principles of Distributed
         Computing (PODC)"}

@string{podc93 = "Proceedings of the 12th
         Annual ACM Symposium on Principles of Distributed
         Computing (PODC)"}

@string{podc94 = "Proceedings of the 13th
         Annual ACM Symposium on Principles of Distributed
         Computing (PODC)"}

@string{podc95 = "Proceedings of the 14th
         Annual ACM Symposium on Principles of Distributed
         Computing (PODC)"}

@string{podc96 = "Proceedings of the 15th
         Annual ACM Symposium on Principles of Distributed
         Computing (PODC)"}

@string{podc97 = "Proceedings of the 16th
         Annual ACM Symposium on Principles of Distributed
         Computing (PODC)"}

@string{podc98 = "Proceedings of the 17th
         Annual ACM Symposium on Principles of Distributed
         Computing (PODC)"}

@string{podc99 = "Proceedings of the 18th
         Annual ACM Symposium on Principles of Distributed
         Computing (PODC)"}

@string{podc00 = "Proceedings of the 19th
         Annual ACM Symposium on Principles of Distributed
         Computing (PODC)"}

@string{podc01 = "Proceedings of the 20th
         Annual ACM Symposium on Principles of Distributed
         Computing (PODC)"}

@string{podc02 = "Proceedings of the 21st
         Annual ACM Symposium on Principles of Distributed
         Computing (PODC)"}

@string{podc03 = "Proceedings of the 22nd
         Annual ACM Symposium on Principles of Distributed
         Computing (PODC)"}

@string{podc04 = "Proceedings of the 23rd
         Annual ACM Symposium on Principles of Distributed
         Computing (PODC)"}

@string{podc05 = "Proceedings of the 24th
         Annual ACM Symposium on Principles of Distributed
         Computing (PODC)"}

@string{podc06 = "Proceedings of the 25th
         Annual ACM Symposium on Principles of Distributed
         Computing (PODC)"}

@string{podc07 = "Proceedings of the 27th
         Annual ACM Symposium on Principles of Distributed
         Computing (PODC)"}

@string{podc11 = "Proceedings of the 30th
         Annual ACM Symposium on Principles of Distributed
         Computing (PODC)"}

@string{srds91 = "Proceedings of the 10th IEEE
         Symposium on Reliable Distributed Systems (SRDS)"}

@string{srds92 = "Proceedings of the 11th IEEE
         Symposium on  Reliable Distributed Systems (SRDS)"}

@string{srds94 = "Proceedings of the 13th IEEE
         Symposium on  Reliable Distributed Systems (SRDS)"}

@string{srds95 = "Proceedings of the 14th IEEE
         Symposium on  Reliable Distributed Systems (SRDS)"}

@string{srds2000 = "Proceedings of the 19th IEEE
         Symposium on  Reliable Distributed Systems (SRDS)"}


@string{wss95 = "Proceedings of the 2nd Workshop
         on Self-Stabilizing Systems"}

@string{wss97 = "Proceedings of the 3rd Workshop
         on Self-Stabilizing Systems"}

@string{wss99 = "Proceedings of the 19th IEEE International Conference
                  on Distributed Computing Systems Workshop on
                  Self-Stabilizing Systems"}

@string{icdcs93 = "Proceedings of the 14th IEEE International
         Conference on Distributed Computing Systems (ICDCS'93)"}
@string{icdcs94 = "Proceedings of the 14th IEEE International
         Conference on Distributed Computing Systems (ICDCS'94)"}

@string{icdcs96 = "Proceedings of the 16th IEEE International
         Conference on Distributed Computing Systems (ICDCS'96)"}

@string{icdcs98 = "Proceedings of the 18th IEEE International
         Conference on Distributed Computing Systems (ICDCS'98)"}

@string{icdcs99 = "Proceedings of the 19th IEEE International
         Conference on Distributed Computing Systems (ICDCS'99)"}

@string{icdcs01 = "Proceedings of the 21st IEEE International
         Conference on Distributed Computing Systems (ICDCS'01)"}


@string{icdcs03 = "Proceedings of the 23rd IEEE International
         Conference on Distributed Computing Systems (ICDCS'03)"}

@string{icdcs04 = "Proceedings of the 24th IEEE International
         Conference on Distributed Computing Systems (ICDCS'04)"}

@string{icdcs05 = "Proceedings of the 25th IEEE International
         Conference on Distributed Computing Systems (ICDCS'05)"}

@string{asa = " International Symposium on Agent Systems and Applications"}
@string{ma = " International Symposium on Mobile Agents"}
@string{asama2000 = "Proceedings of the " # "Second" # asa # " and Fourth" # ma #
 " (ASA/MA2000)"}



%%%%%%%%%%%%%%%%%%%%%%%%%%%%%%%%%%%%%%%%%%%%%%%%%%%%%%%%%%%%%%%%%%%%%%%%%%%%%%%%%%%%%%%
% References
%%%%%%%%%%%%%%%%%%%%%%%%%%%%%%%%%%%%%%%%%%%%%%%%%%%%%%%%%%%%%%%%%%%%%%%%%%%%%%%%%%%%%%%






